<record><leader>00000cas a2200000 a 4500</leader><controlfield tag="001">12356263</controlfield><controlfield tag="008">850807d18941908ksuwr ne      0    0eng d</controlfield><datafield ind1=" " ind2=" " tag="010"><subfield code="a">sn 85031717 </subfield></datafield><datafield ind1=" " ind2=" " tag="040"><subfield code="a">KSH</subfield><subfield code="b">eng</subfield><subfield code="c">KSH</subfield><subfield code="d">NPT</subfield><subfield code="d">OCL</subfield><subfield code="d">OCLCQ</subfield></datafield><datafield ind1=" " ind2=" " tag="042"><subfield code="a">msc</subfield></datafield><datafield ind1="0" ind2="0" tag="245"><subfield code="a">St. Mary's journal.</subfield></datafield><datafield ind1="3" ind2="0" tag="246"><subfield code="a">Saint Mary's journal</subfield></datafield><datafield ind1=" " ind2=" " tag="260"><subfield code="a">St. Marys, Kan. :</subfield><subfield code="b">Graham &amp; Cooper,</subfield><subfield code="c">1894-1908.</subfield></datafield><datafield ind1=" " ind2=" " tag="300"><subfield code="a">15 v. :</subfield><subfield code="b">ill. ;</subfield><subfield code="c">50 cm.</subfield></datafield><datafield ind1=" " ind2=" " tag="310"><subfield code="a">Weekly,</subfield><subfield code="b">June 11, 1896-Sept. 25, 1908</subfield></datafield><datafield ind1=" " ind2=" " tag="321"><subfield code="a">Weekly,</subfield><subfield code="b">June 7, 1894-May 9, 1895</subfield></datafield><datafield ind1=" " ind2=" " tag="321"><subfield code="a">Semiweekly,</subfield><subfield code="b">May 15, 1895-June 3, 1896</subfield></datafield><datafield ind1="0" ind2=" " tag="362"><subfield code="a">Vol. 1, no. 1 (June 7, 1894)-v. 15, no. 17 (Sept. 25, 1908).</subfield></datafield><datafield ind1=" " ind2=" " tag="500"><subfield code="a">Published by: Graham Pub. Co., Aug. 2, 1894-Jan. 14, 1898; John J. Graham, Jan. 21, 1898-Sept. 25, 1908.</subfield></datafield><datafield ind1=" " ind2=" " tag="500"><subfield code="a">"Democratic."</subfield></datafield><datafield ind1=" " ind2=" " tag="752"><subfield code="a">United States</subfield><subfield code="b">Kansas</subfield><subfield code="c">Pottawatomie</subfield><subfield code="d">St. Marys.</subfield></datafield><datafield ind1="0" ind2="7" tag="785"><subfield code="t">St. Mary's eagle (St. Marys, Kan. : 1896)</subfield><subfield code="w">(DLC)sn 85031716</subfield></datafield><datafield ind1="0" ind2="7" tag="785"><subfield code="t">Eagle-journal consolidated</subfield><subfield code="w">(DLC)sn 85031718</subfield></datafield></record>